@book{Cengal,
author = {Y. {Cengal} and R. {Turner} and J. {Cimbala}},
title = {Fundamentals of thermal-fluid sciences},
publisher = {McGraw-Hill Companies},
year = {2008},
}

@book{Turns,
author = {S. {Turns}},
title = {Thermal-fluid sciences: An integrated approach},
publisher = {Cambridge University Press},
year = {2006},
}

@mastersthesis{Berton,
author = {Jeffrey Berton},
title = {An Experimental Investigation of Natural and Combined 
Convection from an Isothermal Horizontal Plate},
school ={University of Illinois at Urbana-Champaign},
year = {1986},
}

@misc{Musk,
author = {Elon Musk},
title = {Hyperloop Alpha},
howpublished = {Website},
url = {http://www.spacex.com/sites/spacex/files/hyperloop_alpha.pdf},
year = {2013},
month = {August},
}

@misc{Rouleau,
author = {Guy {Rouleau} and Matt {Brauer}},
title = {Hyperloop: Not so fast! },
howpublished = {Website},
url = {http://blogs.mathworks.com/seth/2013/11/22/hyperloop-not-so-fast/},
url2 = {http://blogs.mathworks.com/seth/2013/11/07/hyperloop-model-architecture-we-want-your-feedback/},
year = {2013},
month = {November},
}

@book{Incropera,
authors={Frank {Incropera} and David {DeWitt} and Theodore {Bergman} and Adrienne {Lavine}},
title={Introduction to Heat Transfer},
edition={third},
publisher={Wiley},
url = {http://www.egr.msu.edu/~somerton/Nusselt/ii/ii_a/ii_a_3/ii_a_3_a.html},
page = {465},
equations = {9.33 and 9.34},
}